% BibTeX bibliography file

@Article{BB-IMAJNA-1988,
  author = {J. Barzilai and J. M. Borwein},
  journal = {IMA J. Numer. Anal.},
  year = {1988)},
  volume = {8},
  pages = {141}
}

@Article{BrownFH03,
  author = {S. Brown and N. J. Fawzi and T. Head-Gordon},
  journal = {\pnas},
  year = {2003},
  volume = {100},
  pages = {10712-10717}
}

@Manual{CADPAC,
  author = {R. D. Amos and I. L. Alberts and J. S. Andrews and S. M. Colwell
  and N. C. Handy and D. Jayatilaka and P. J. Knowles and R. Kobayashi and K.
  E. Laidig and G. Laming and A. M. Lee and P. E. Maslen and C. W. Murray and
  J. E. Rice and E. D. Simandiras and A. J. Stone and M.-D. Su and D. J.
  Tozer},
  title = {The Cambridge Analytic Derivatives Package Issue 6},
  year = {1995},
  address = {Cambridge}
}

@Article{CarrTW05,
  author = {Carr, J. M. and Trygubenko, S. A. and Wales, D. J.},
  title = {Finding pathways between distant local minima (7 pages)},
  journal = {J. Chem. Phys.},
  year = {2005},
  volume = {122},
  pages = {234903}
}

@Article{DoyeWZD03,
  author = {Doye, J. P. K. and Wales, D. J. and Zetterling, F. H. M. and
  Dzugutov, M.},
  title = {The favored cluster structures of model glass formers},
  journal = {J. Chem. Phys.},
  year = {2003},
  volume = {118},
  pages = {2792-2799}
}

@Article{Dzugutov92,
  author = {Dzugutov, M.},
  title = {Glass-formation in a simple monatomic liquid with icosahedral
  inherent local order},
  journal = {Phys. Rev. A},
  year = {1992},
  volume = {46},
  pages = {R2984}
}

@Article{Dzugutov93b,
  author = {Dzugutov, M.},
  title = {Monatomic model of icosahedrally ordered metallic glass formers},
  journal = {J. Non-Cryst. Solids},
  year = {1993},
  volume = {156-158},
  pages = {173}
}

@Article{ERV02,
  author = {W. E and W. Ren and E. Vanden-Eijnden},
  journal = {\prb},
  year = {2002},
  volume = {66},
  pages = {052301}
}

@Article{FogarasiZTP92,
  author = {G. Fogorasi and X. Zhou and P. W. Taylor and P. Pulay},
  title = {The calculation of ab initio molecular geometries: efficient
  optimization by natural internal coordinates and empirical correction by
  offset forces},
  journal = {\jacs},
  year = {1992},
  volume = {114},
  pages = {8191-8201}
}

@Article{HenkelmanJ00,
  author = {Henkelman, G. and J\'onsson, H.},
  title = {Improved tangent estimate in the nudged elastic band method for
  finding minimum energy paths and saddle points},
  journal = {J. Chem. Phys.},
  year = {2000},
  volume = {113},
  pages = {9978-9985}
}

@Article{HenkelmanUJ00,
  author = {Henkelman, G. and Uberuaga, B. P. and J\'onsson, H.},
  title = {A climbing image nudged elastic band method for finding saddle
  points and minimum energy paths},
  journal = {J. Chem. Phys.},
  year = {2000},
  volume = {113},
  pages = {9901-9904}
}

@Article{Mason58,
  author = {E. A. Mason and H. W. Schamp},
  journal = {Ann. Phys. (USA)},
  year = {1958},
  volume = {4},
  pages = {233}
}

@Article{NemethCMA00,
  author = {N\'emeth, K. and Coulaud, O. and Monard, G. and Angyan, J. G.},
  title = {Linear scaling algorithm for the coordinate transformation problem
  of molecular geometry optimization},
  journal = {J. Chem. Phys.},
  year = {2000},
  volume = {113},
  pages = {5598-5603}
}

@Article{PetersHBC04,
  author = {Peters, B. and Heyden, A. and Bell, A. T. and Chakraborty, A.},
  title = {A growing string method for determining transition states:
  Comparison to the nudged elastic band and string methods},
  journal = {J. Chem. Phys.},
  year = {2004},
  volume = {120},
  pages = {7877-7886}
}

@Article{PulayFPB79,
  author = {P. Pulay and G. Fogarasi and F. Pang and J. E. Boggs},
  title = {Systematic ab Initio Gradient Calculation of Molecular Geometries,
  Force Constants, and Dipole Moment Derivatives},
  journal = {\jacs},
  year = {1979},
  volume = {101},
  number = {10},
  pages = {2550-2560}
}

@Article{Raydan-SIAMJO-1997,
  author = {M. Raydan},
  journal = {SIAM J. Optim.},
  year = {1997},
  volume = {7},
  pages = {26}
}

@Article{SorensonH00,
  author = {Sorenson, J. M. and Head-Gordon, T.},
  title = {Matching simulation and experiment: A new simplified model for
  simulating protein folding},
  journal = {J. Computational Biology},
  year = {2000},
  volume = {7},
  pages = {469-481}
}

@Article{TrygubenkoW04,
  author = {S. A. Trygubenko and D. J. Wales},
  journal = {J. Chem. Phys.},
  year = {2004},
  volume = {120},
  pages = {2082}
}

@Article{Wales02,
  author = {Wales, D. J.},
  title = {Discrete path sampling},
  journal = {Mol. Phys.},
  year = {2002},
  volume = {100},
  pages = {3285-3306}
}

@Book{Wales03,
  author = {D. J. Wales},
  title = {Energy Landscapes},
  year = {2003},
  publisher = {Cambridge University Press},
  address = {Cambridge}
}

@Article{Wales05,
  author = {D. J. Wales},
  title = {The Energy Landscape as a Unifying Theme in Molecular Science},
  journal = {Phil. Trans. Roy. Soc. A},
  year = {2005},
  volume = {363},
  pages = {357-377}
}

@Article{WalshW98,
  author = {Walsh, T. R. and Wales, D. J.},
  title = {Relaxation dynamics of C-60},
  journal = {J. Chem. Phys.},
  year = {1998},
  volume = {109},
  pages = {6691-6700}
}

@Article{alderzijmr91,
  author = {Alderzi, A. R. and Johnston, R. L. and Murrell, J. N. and
  Rodrigez-Ruiz, J. A.},
  title = {potential energy functions for atomic solids. 3. fitting phonon
  spectra and elastic constants of diamond structures},
  journal = {\molphys},
  year = {1991},
  volume = {73},
  pages = {265-282}
}

@Book{allent87,
  author = {Allen, M. and Tildesley, D. J.},
  title = {Computer simulation of liquids},
  year = {1987},
  publisher = {Clarendon Press},
  address = {Oxford}
}

@Article{baker86,
  author = {Baker, J.},
  journal = {J. Comp. Chem.},
  year = {1986},
  volume = {7},
  pages = {385-395}
}

@Article{baker87,
  author = {Baker, J.},
  journal = {J. Comp. Chem.},
  year = {1987},
  volume = {8},
  pages = {563}
}

@Article{bakerh91,
  author = {Baker, J. and Hehre, W. H.},
  title = {geometry optimization in cartesian coordinates: the end of the
  Z-matrix?},
  journal = {J. Comp. Chem.},
  year = {1991},
  volume = {12},
  pages = {606}
}

@Article{balmakm91,
  author = {Balm, S. P. and Allaf, A. W. and Kroto, H. W. and Murrell, J. N.},
  title = {potential-energy function for large carbon clusters},
  journal = {J. Chem. Soc., Faraday Trans},
  year = {1991},
  volume = {87},
  pages = {803}
}

@Article{banerjeea92,
  author = {Banerjee, A. and Adams, N. P.},
  title = {on coordinate transformations in steepest descent path and
  stationary point locations},
  journal = {Int. J. Quant. Chem.},
  year = {1992},
  volume = {43},
  pages = {855-871}
}

@Article{banerjeeass85,
  author = {Banerjee, A. and Adams, N. and Simons, J. and Shepard, R.},
  title = {search for stationary points on surfaces},
  journal = {\jpc},
  year = {1985},
  volume = {89},
  pages = {52-57}
}

@Article{braierbw90,
  author = {Braier, P. A. and Berry, R. S. and Wales, D. J.},
  title = {How the range of pair interactions governs features of
  multidimensional potentials},
  journal = {\jcp},
  year = {1990},
  volume = {93},
  pages = {8745},
  category = {clusters}
}

@Article{cerjanm81,
  author = {Cerjan, C. J. and Miller, W. H.},
  title = {on finding transition states},
  journal = {\jcp},
  year = {1981},
  volume = {75},
  pages = {2800-2806}
}

@Article{cornellcbgmfsfck95,
  author = {W. D. Cornell and P. Cieplak and C. I. Bayly and I. R. Gould and K.
  M. Merz and D. M. Ferguson and D. C. Spellmeyer and T. Fox and J. W. Caldwell
  and P. A. Kellman},
  title = {A second generation force field for the simulation of proteins,
  nucleic acids and organic molecules},
  journal = {\jacs},
  year = {1995},
  volume = {117},
  pages = {5179}
}

@Article{doyew92,
  author = {Doye, J. P. K. and Wales, D. J.},
  title = {SYSTEMATIC INVESTIGATION OF THE STRUCTURES AND REARRANGEMENTS OF 6-
  ATOM CLUSTERS BOUND BY A MODEL ANISOTROPIC POTENTIAL},
  journal = {\jcsft},
  year = {1992},
  volume = {88},
  pages = {3295-3304}
}

@Article{eggenjlm92,
  author = {Eggen, B. E. and Johnston, R. L. and Li, S. and Murrell, J. N.},
  journal = {\molphys},
  year = {1992},
  volume = {76},
  pages = {1405}
}

@Article{fengjm93,
  author = {Feng, J.-Y. and Johnston, R. L. and Murrell, J. N.},
  journal = {\molphys},
  year = {1993},
  volume = {78},
  pages = {1405}
}

@Article{girifalco92,
  author = {Girifalco, L. A.},
  title = {molecular properties of C60 in the gas and solid phases},
  journal = {\jpc},
  year = {1992},
  volume = {96},
  pages = {858}
}

@Article{hallf72,
  author = {Hall, M. B. and Fenske, R. F.},
  title = {electronic structure and bonding in methyl- and perfluoromethyl
  (pentacarbonyl) managanese},
  journal = {\ic},
  year = {1972},
  volume = {11},
  pages = {768}
}

@Article{jorgensen81,
  author = {Jorgensen, W. L.},
  title = {transferable intermolecular potential functions for water, alcohols
  and ethers. application to liquid water},
  journal = {\jacs},
  year = {1981},
  volume = {103},
  pages = {335-340}
}

@Article{kumedamw01,
  author = {Y. Kumeda and L. J. Munro and D. J. Wales},
  title = {Transition States and Rearrangement Mechanisms from Hybrid
  Eigenvector-Following and Density Functional Theory. Application to C10H10
  and Defect Migration in Crystalline Silicon},
  journal = {Chem. Phys. Lett.},
  year = {2001},
  volume = {341},
  pages = {185-194}
}

@Article{lazaridisk99,
  author = {T. Lazaridis and M. Karplus},
  journal = {\psfg},
  year = {1999},
  volume = {35},
  pages = {133}
}

@Article{lijm92,
  author = {Li, S. and Johnston, R. L. and Murrell, J. N.},
  title = {cluster structures and stabilities from solid-state potentials},
  journal = {J. Chem. Soc., Faraday Trans.},
  year = {1992},
  volume = {88},
  pages = {1229}
}

@Article{mackerellbbdeffgghjkklmmnnprrsssswwyk98,
  author = {MacKerell, A. D. and Bashford, D. and Bellott, M. and Dunbrack, R.
  L. and Evanseck, J. D. and Field, M. J. and Fischer, S. and Gao, J. and Guo,
  H. and Ha, S. and JosephMcCarthy, D. and Kuchnir, L. and Kuczera, K. and Lau,
  F. T. K. and Mattos, C. and Michnick, S. and Ngo, T. and Nguyen, D. T. and
  Prodhom, B. and Reiher, W. E. and Roux, B. and Schlenkrich, M. and Smith, J.
  C. and Stote, R. and Straub, J. and Watanabe, M. and WiorkiewiczKuczera, J.
  and Yin, D. and Karplus, M.},
  title = {All-atom empirical potential for molecular modeling and dynamics
  studies of proteins},
  journal = {\jpcb},
  year = {1998},
  volume = {102},
  pages = {3586-3616}
}

@Article{munrow99,
  author = {Munro, L. J. and Wales, D. J.},
  title = {Defect migration in crystalline silicon},
  journal = {Phys. Rev. B},
  year = {1999},
  volume = {59},
  pages = {3969-3980}
}

@Article{murrellm90,
  author = {Murrell, J. N. and Mottram, R. E.},
  title = {potential energy functions for atomic solids},
  journal = {\molphys},
  year = {1990},
  volume = {69},
  pages = {571-585}
}

@Article{murrellr90,
  author = {Murrell, J. N. and Rodriguez-Ruiz, J. A.},
  title = {potential energy functions for atomic solids 2. potential functions
  for diamond-like structures},
  journal = {\molphys},
  year = {1990},
  volume = {71},
  pages = {823-834}
}

@Article{onealts84,
  author = {O'Neal, D. and Taylor, H. and Simons, J.},
  title = {potential surface walking and reaction paths for C_{2v} Be + H_2 <=
  BeH_2 => Be + 2H(^1A_1)},
  journal = {\jpc},
  year = {1984},
  volume = {88},
  pages = {1510-1513}
}

@Article{pachecor97,
  author = {Pacheco, J. M. and Ramalho, J. P. P.},
  title = {First-principles determination of the dispersion interaction between
  fullerenes and their intermolecular potential},
  journal = {\prl},
  year = {1997},
  volume = {79},
  pages = {3873}
}

@Article{pagem88,
  author = {Page, M. and McIver, J. W.},
  title = {on evaluating the reaction path Hamiltonian},
  journal = {\jcp},
  year = {1988},
  volume = {88},
  pages = {922}
}

@Article{pancir74,
  author = {J. Panc\'{i}\u{r}},
  title = {calculation of the least energy path on the energy hypersurface},
  journal = {Collect. Czech. Chem. Commun.},
  year = {1974},
  volume = {40},
  pages = {1112-1118}
}

@Article{phillipscb91,
  author = {N. G. Phillips and C. W. S. Conover and L. A. Bloomfield},
  journal = {\jcp},
  year = {1991},
  volume = {94},
  pages = {4980}
}

@Article{powell71,
  author = {Powell, M. J. D.},
  journal = {Math. Prog.},
  year = {1971},
  volume = {1},
  pages = {26}
}

@Article{sastryds98,
  author = {Sastry, S. and Debenedetti, P. G. and Stillinger, F. H.},
  title = {Signatures of distinct dynamical regimes in the energy landscape of
  a glass-forming liquid},
  journal = {\nat},
  year = {1998},
  volume = {393},
  pages = {554},
  category = {glasses}
}

@Article{simonsjto83,
  author = {Simons, J. and Jorgensen, P. and Taylor, H. and Ozment, J.},
  title = {walking on potential surfaces},
  journal = {\jpc},
  year = {1983},
  volume = {87},
  pages = {2745-2753}
}

@Article{stillingerw85,
  author = {Stillinger, F. H. and Weber, T. A.},
  title = {computer simulation of local order in condensed phases of silicon},
  journal = {Phys. Rev. B},
  year = {1985},
  volume = {31},
  pages = {5262}
}

@Article{stone81,
  author = {Stone, A. J.},
  title = {distributed multipole analysis, or how to describe a molecular
  charge distribution},
  journal = {\cpl},
  year = {1981},
  volume = {83},
  pages = {233-239}
}

@Article{stonea85,
  author = {Stone, A. J. and Alderton, M.},
  title = {distributed multipole analysis methods and applications},
  journal = {\molphys},
  year = {1985},
  volume = {56},
  pages = {1047-1064}
}

@Article{suttonc90,
  author = {Sutton, A. P. and Chen, J.},
  title = {long-range Finnis-Sinclair potentials},
  journal = {Phil. Mag. Lett.},
  year = {1990},
  volume = {61},
  pages = {139}
}

@Article{tosif64,
  author = {Tosi, M. P. and Fumi, F. G.},
  journal = {J. Phys. Chem. Solids},
  year = {1964},
  volume = {25},
  pages = {45}
}

@Article{uedatg78,
  author = {Y. Ueda and H. Taketomi and N. G\={o}},
  title = {Studies on protein folding, unfolding, and fluctuations by computer
  simulation. II. A three-dimensional model of lysozyme},
  journal = {Biopolymers},
  year = {1978},
  volume = {17},
  pages = {1531}
}

@Article{wales90c,
  author = {Wales, D. J.},
  title = {TRANSITION-STATES FOR AR-55},
  journal = {Chem. Phys. Lett.},
  year = {1990},
  volume = {166},
  pages = {419-424}
}

@Article{wales93d,
  author = {Wales, D. J.},
  title = {LOCATING STATIONARY-POINTS FOR CLUSTERS IN CARTESIAN COORDINATES},
  journal = {\jcsft},
  year = {1993},
  volume = {89},
  pages = {1305-1313}
}

@Article{wales94a,
  author = {Wales, D. J.},
  title = {REARRANGEMENTS OF 55-ATOM LENNARD-JONES AND (C-60)(55) CLUSTERS},
  journal = {J. Chem. Phys.},
  year = {1994},
  volume = {101},
  pages = {3750-3762}
}

@Article{walesl93,
  author = {Wales, D. J. and Lee, A. M.},
  title = {STRUCTURE AND REARRANGEMENTS OF SMALL TRAPPED-ION CLUSTERS},
  journal = {\pra},
  year = {1993},
  volume = {47},
  pages = {380-393}
}

@Article{walesw96,
  author = {Wales, D. J. and Walsh, T. R.},
  title = {THEORETICAL-STUDY OF THE WATER pentamer},
  journal = {J. Chem. Phys.},
  year = {1996},
  volume = {105},
  pages = {6957-6971}
}

@Article{welchld76,
  author = {D. O. Welch and O. W. Lazareth and G. J. Diens},
  journal = {\jcp},
  year = {1976},
  volume = {94},
  pages = {835}
}

