% BibTeX bibliography file

@Article{CarrTW05,
  author = {Carr, J. M. and Trygubenko, S. A. and Wales, D. J.},
  title = {Finding pathways between distant local minima (7 pages)},
  journal = {J. Chem. Phys.},
  year = {2005},
  volume = {122},
  pages = {234903}
}

@Article{CarrW05,
  author = {Carr, J. M. and Wales, D. J.},
  title = {Global optimization and folding pathways of selected alpha-helical
  proteins (12 pages).},
  journal = {J. Chem. Phys.},
  year = {2005},
  volume = {123},
  pages = {234901}
}

@Article{EvansW03b,
  author = {Evans, D. A. and Wales, D. J.},
  title = {The free energy landscape and dynamics of met-enkephalin},
  journal = {J. Chem. Phys.},
  year = {2003},
  volume = {119},
  pages = {9947-9955}
}

@Article{EvansW04,
  author = {Evans, D. A. and Wales, D. J.},
  title = {Folding of the GB1 hairpin peptide from discrete path sampling},
  journal = {J. Chem. Phys.},
  year = {2004},
  volume = {121},
  pages = {1080-1090}
}

@Article{TrygubenkoW06,
  author = {S. A. Trygubenko and D. J. Wales},
  journal = {Mol. Phys.},
  year = {2006},
  volume = {104},
  pages = {1497-1507}
}

@Book{Wales03,
  author = {D. J. Wales},
  title = {Energy Landscapes},
  year = {2003},
  publisher = {Cambridge University Press},
  address = {Cambridge}
}

@Article{Wales06,
  author = {D. J. Wales},
  journal = {Int. Rev. Phys. Chem.},
  year = {2006},
  volume = {25},
  pages = {237-282}
}

@Article{beckerk97,
  author = {Becker, O. M. and Karplus, M.},
  title = {The topology of multidimensional potential energy surfaces: Theory
  and application to peptide structure and kinetics},
  journal = {J. Chem. Phys.},
  year = {1997},
  volume = {106},
  pages = {1495},
  category = {proteins; master equation}
}

@Article{liwoopwrs97,
  author = {A. Liwo and S. O{\l}dzie and M. R. Pincus and R. J. Wawak and S.
  Rackovsky and H. A. Scheraga},
  journal = {J. Comput. Chem.},
  year = {1997},
  volume = {18},
  pages = {849-873}
}

@Manual{optim,
  author = {D. J. Wales},
  title = {OPTIM: A program for optimising geometries and calculating
  pathways},
  address = {http://www-wales.ch.cam.ac.uk/software.html}
}

@Article{wales02,
  author = {D. J. Wales},
  title = {discrete path sampling},
  journal = {Mol. Phys.},
  year = {2002},
  volume = {100},
  pages = {3285-3305}
}

@Article{wales04,
  author = {Wales, D. J.},
  title = {Some further applications of discrete path sampling to cluster
  isomerization},
  journal = {Mol. Phys.},
  year = {2004},
  volume = {102},
  pages = {891-908}
}

@Article{walesmw98,
  author = {Wales, D. J. and Miller, M. A. and Walsh, T. R},
  title = {Archetypal energy landscapes},
  journal = {Nature},
  year = {1998},
  volume = {394},
  pages = {758}
}

@article{BerezhkovskiiPZ92,
  author    = {A. M. Berezhkovskii and E. Pollak and V. Y. Zitserman},
  title     = {Activated rate processes: generalization of the Kramers-Grote-Hynes and Langer theories},
  journal   = {J. Chem. Phys.},
  volume    = {97},
  pages     = {2422},
  year      = {1992}
}
